<?xml version="1.0" encoding="UTF-8"?><record xmlns="http://www.loc.gov/MARC21/slim" xmlns:cinclude="http://apache.org/cocoon/include/1.0" xmlns:zs="http://www.loc.gov/zing/srw/">
  <leader>00352nz  a2200121n  4500</leader>
  <controlfield tag="001">nr 95029403 </controlfield>
  <controlfield tag="003">DLC</controlfield>
  <controlfield tag="005">19950815054555.9</controlfield>
  <controlfield tag="008">950810n| acannaab|          |n aaa     c</controlfield>
  <datafield tag="010" ind1=" " ind2=" ">
    <subfield code="a">nr 95029403 </subfield>
  </datafield>
  <datafield tag="040" ind1=" " ind2=" ">
    <subfield code="a">NjP</subfield>
    <subfield code="c">NjP</subfield>
  </datafield>
  <datafield tag="100" ind1="1" ind2="0">
    <subfield code="a">Pandey, Carol</subfield>
  </datafield>
  <datafield tag="670" ind1=" " ind2=" ">
    <subfield code="a">Study guide to accompany Schneider/Tarshis ... c1995:</subfield>
    <subfield code="b">t.p. (Carol Pandey, Los Angeles Pierce College)</subfield>
  </datafield>
</record>